@article{bargmann2012beyond,
  title={Beyond the connectome: how neuromodulators shape neural circuits},
  author={Bargmann, Cornelia I},
  journal={Bioessays},
  volume={34},
  number={6},
  pages={458--465},
  year={2012},
  publisher={Wiley Online Library}
}
@article{knill2004bayesian,
  title={The Bayesian brain: the role of uncertainty in neural coding and computation},
  author={Knill, David C and Pouget, Alexandre},
  journal={TRENDS in Neurosciences},
  volume={27},
  number={12},
  pages={712--719},
  year={2004},
  publisher={Elsevier}
}
@book{slezak2014brain,
  title={Brain Informatics and Health: International Conference, BIH 2014, Warsaw, Poland, August 11-14, 2014. Proceedings},
  author={Slezak, Dominik and Tan, Ah-Hwee and Peters, James F and Schwabe, Lars},
  year={2014},
  publisher={Springer Publishing Company, Incorporated}
}
@article{baluvska2007plant,
  title={Plant neurobiology as a paradigm shift not only in the plant sciences},
  author={Balu{\v{s}}ka, Franti{\v{s}}ek and Mancuso, Stefano},
  journal={Plant signaling \& behavior},
  volume={2},
  number={4},
  pages={205--207},
  year={2007},
  publisher={Taylor \& Francis}
}
@article{wang2011synaptic,
  title={Synaptic plasticity in sleep: learning, homeostasis and disease},
  author={Wang, Gordon and Grone, Brian and Colas, Damien and Appelbaum, Lior and Mourrain, Philippe},
  journal={Trends in neurosciences},
  volume={34},
  number={9},
  pages={452--463},
  year={2011},
  publisher={Elsevier}
}
@article{huber2013human,
  title={Human cortical excitability increases with time awake},
  author={Huber, Reto and M{\"a}ki, Hanna and Rosanova, Mario and Casarotto, Silvia and Canali, Paola and Casali, Adenauer G and Tononi, Giulio and Massimini, Marcello},
  journal={Cerebral cortex},
  volume={23},
  number={2},
  pages={1--7},
  year={2013},
  publisher={Oxford Univ Press}
}
@article{wang2012quantifying,
  title={Quantifying and tracing information cascades in swarms},
  author={Wang, X Rosalind and Miller, Jennifer M and Lizier, Joseph T and Prokopenko, Mikhail and Rossi, Louis F},
  journal={PloS one},
  volume={7},
  number={7},
  pages={e40084},
  year={2012},
  publisher={Public Library of Science}
}
@article{bito2010chemical,
  title={The chemical biology of synapses and neuronal circuits},
  author={Bito, Haruhiko},
  journal={Nature chemical biology},
  volume={6},
  number={8},
  pages={560--563},
  year={2010},
  publisher={Nature Publishing Group}
}
@article{hepburn2013efficient,
  title={Efficient calculation of the quasi-static electrical potential on a tetrahedral mesh and its implementation in STEPS},
  author={Hepburn, Iain and Cannon, Robert and De Schutter, Erik},
  journal={Frontiers in computational neuroscience},
  volume={7},
  year={2013},
  publisher={Frontiers Media SA}
}
